@TechReport{Giussi-polaca-2007.pdf,
author="W{\"{o}}hler, Otto
and Giussi, Analia",
title="Evaluaci\'{o}n de la abundancia de polaca (\emph{Micromesistius australis}) en el Atl\'{a}ntico Sudoccidental. Per\'{i}odo 1987-2007",
year="2008",
publisher="INIDEP",
address="Mar del Plata, Argentina",
volume="36"
}
