@ARTICLE{Myersetal1995a,
  author = {Myers, R. A. and Bridson, J. and Barrowman, N. J. },
  title = {Summary of worldwide spawner and recruitment data},
  journal = {Canadian Technical Report of Fisheries and Aquatic Sciences},
  year = {1995},
  volume = {2024:iv},
  pages = {327p}
}
