@ARTICLE{Myersetal1995a,
  author = {Myers, R. A. and Bridson, J. and Barrowman, N. J. },
  title = {Summary of worldwide spawner and recruitment data},
  journal = {Canadian Technical Report of Fisheries and Aquatic Sciences},
  year = {1995},
  volume = {2024:iv},
  pages = {327p}
}

@article{Hilborn2001,
  title={{Calculation of biomass trend, exploitation rate, and surplus production from survey and catch data}},
  author={Hilborn, R.},
  journal={Canadian Journal of Fisheries and Aquatic Sciences},
  volume={58},
  number={3},
  pages={579--584},
  year={2001}
}
@article{WaltersHilborn1976,
  title={{Adaptive control of fishing system}},
  author={Walters, CJ and Hilborn, R.},
  journal={Journal of the Fisheries Research Board of Canada},
  volume={33},
  pages={145--159},
  year={1976}
}
@BOOK{WaltersHilborn1991,
  title = {{Quantitative Fisheries Stock Assessment: Choice, Dynamics, and Uncertainty}},
  publisher = {Kluwer Academic Pub},
  year = {1991},
  author = {Walters, C. J. and Hilborn, R. }
}
