@Inbook{r2006_0813_2.pdf,
author="Klaer, Neil",
title="Stock assessment for the Southern and Eastern Scalefish and Shark Fishery 2006-2007",
chapter="Updated stock assessment for deepwater flathead (\emph{Neoplatycephalus conatus}) and Bight redfish (\emph{Centroberyx gerrardi}) in the Great Australian Bight trawl fishery using data up to June 2007",
year="2007",
publisher="Australian Fisheries Management Authority and CSIRO Marine and Atmospheric Research",
address="Hobart, Australia",
volume="2",
pages="415--437"
}
