

@string{cjfas = "Canadian Journal of Fisheries and Aquatic Sciences"}
@string{philtransB = "Philosophical Transactions of the Royal Society B"}
@string{nature = "Nature (London)"}
@string{science = "Science (Washington)"}



@Article{Hutchings:Baum:2005:philtransB,
  author = 	 {Hutchings, J.A. and Baum, J.K.},
  title = 	 {Measuring marine fish biodiversity: temporal changes in abundance, life history and demography},
  journal = 	 philtransB,
  year = 	 {2005},
  OPTkey = 	 {},
  volume = 	 {360},
  OPTnumber = 	 {},
  pages = 	 {315--338},
  OPTmonth = 	 {},
  OPTnote = 	 {},
  OPTannote = 	 {}
}

@Article{Hutchings:2000:nature,
  author = 	 {Hutchings, J.A.},
  title = 	 {Collapse and recovery of marine fishes},
  journal = 	 nature,
  year = 	 {2000},
  volume = 	 {406},
  number = 	 {6798},
  pages = 	 {882-885}
}


@Article{Worm:etal:2009:science,
  author = 	 {Worm, Boris and Hilborn, Ray and Baum, Julia K. and Branch, Trevor A. and Collie, Jeremy S. and Costello, Christopher and Fogarty, Michael J. and Fulton, Elizabeth A. and Hutchings,Jeffrey A. and Jennings, Simon and Jensen,Olaf P. and  Lotze,Heike K. and Mace,Pamela M. and  McClanahan,Tim R. and Minto, C{\'o}il{\'i}n and Palumbi,Stephen R. and Parma,Ana M. and Ricard,Daniel  and Rosenberg,Andrew A. and Watson,Reg and Zeller, Dirk },
  title = 	 {Rebuilding global fisheries},
  journal = 	 science,
  year = 	 {2009},
  OPTkey = 	 {},
  volume = 	 {325},
  OPTnumber = 	 {},
  pages = 	 {578--585},
  OPTmonth = 	 {},
  OPTnote = 	 {},
  OPTannote = 	 {}
}

@Article{Myers:Worm:2005:philtransB,
  author =     {Myers, R.A. and Worm, B.}, 
  year =       {2005},
  title =      {Extinction, survival, or recovery of large predatory marine fishes},
  JOURNAL=     philtransB,
  volume =     {360},
  pages =      {13--20} }



@TechReport{WWF:2008,
  author = 	 {{World Wildlife Fund for Nature}},
  title = 	 {Living planet report for 2008},
  institution =  {{World Wildlife Fund for Nature}},
  year = 	 {2008},
  OPTkey = 	 {},
  OPTtype = 	 {},
  OPTnumber = 	 {},
  address = 	 {Gland, Switzerland},
  OPTmonth = 	 {},
  OPTnote = 	 {},
  OPTannote = 	 {}
}

